<?xml version="1.0" encoding="UTF-8"?>
<record xmlns="http://www.loc.gov/MARC21/slim" xmlns:xsi="http://www.w3.org/2001/XMLSchema-instance" xsi:schemaLocation="http://www.loc.gov/MARC21/slim http://www.loc.gov/standards/marcxml/schema/MARC21slim.xsd">
<leader>     cam a2200361 a 4500</leader>
<controlfield tag="001">002167904</controlfield>
<controlfield tag="003">NNU</controlfield>
<controlfield tag="005">19940828013334.0</controlfield>
<controlfield tag="008">881019q19501959le            000 1 ara d</controlfield>
<datafield tag="035" ind1="9" ind2=" ">
<subfield code="a">NYUb11196374</subfield>
</datafield>
<datafield tag="035" ind1=" " ind2=" ">
<subfield code="a">(CStRLIN)NYUG88-B34713</subfield>
</datafield>
<datafield tag="040" ind1=" " ind2=" ">
<subfield code="a">NNU</subfield>
<subfield code="c">NNU</subfield>
</datafield>
<datafield tag="090" ind1=" " ind2=" ">
<subfield code="h">10/20/88 CT</subfield>
</datafield>
<datafield tag="100" ind1="1" ind2=" ">
<subfield code="a">Nashāshībī, Muḥammad Isʻāf.</subfield>
</datafield>
<datafield tag="245" ind1="1" ind2="0">
<subfield code="a">Naql al-adīb /</subfield>
<subfield code="c">Muḥammad Isʻāf al-Nashāshībī ; qaddama la-hu wa-tarjama li-muʼallifihi Isḥāq Mūsá al-Ḥusaynī.</subfield>
</datafield>
<datafield tag="260" ind1=" " ind2=" ">
<subfield code="a">Bayrūt :</subfield>
<subfield code="b">Dār Rīḥānī,</subfield>
<subfield code="c">[195-]</subfield>
</datafield>
<datafield tag="300" ind1=" " ind2=" ">
<subfield code="a">147 p. ;</subfield>
<subfield code="c">20 cm.</subfield>
</datafield>
<datafield tag="OWN" ind1=" " ind2=" ">
<subfield code="a">GENERAL</subfield>
</datafield>
<datafield tag="903" ind1=" " ind2=" ">
<subfield code="a">OLD</subfield>
</datafield>
<datafield tag="950" ind1=" " ind2=" ">
<subfield code="l">BMAIN</subfield>
<subfield code="a">PJ7852.A64</subfield>
<subfield code="b">N8</subfield>
<subfield code="h">10/20/88 C</subfield>
</datafield>
<datafield tag="955" ind1=" " ind2=" ">
<subfield code="l">BMAIN</subfield>
<subfield code="c">1</subfield>
<subfield code="r">012572791</subfield>
<subfield code="h">10/20/88 C</subfield>
</datafield>
<datafield tag="998" ind1=" " ind2=" ">
<subfield code="a">06/28/94</subfield>
<subfield code="t">b</subfield>
<subfield code="s">9114</subfield>
<subfield code="n">NNU</subfield>
<subfield code="w">NYUG88B34713</subfield>
<subfield code="d">10/19/88</subfield>
<subfield code="c">MG</subfield>
<subfield code="b">PJV</subfield>
<subfield code="h">881020</subfield>
<subfield code="l">NYUG</subfield>
</datafield>
<datafield tag="997" ind1=" " ind2="1">
<subfield code="@">u01</subfield>
<subfield code="a">1</subfield>
<subfield code="t">UO</subfield>
<subfield code="s">P</subfield>
<subfield code="d">09/23/93 JH</subfield>
<subfield code="i">06/28/94 CLA FZ</subfield>
<subfield code="h">05/27/94 CLA</subfield>
<subfield code="h">09/23/93 ORD JH</subfield>
<subfield code="f">02/28/95 CLA</subfield>
</datafield>
<datafield tag="997" ind1=" " ind2="1">
<subfield code="@">u08</subfield>
<subfield code="p">Y</subfield>
<subfield code="o">MG</subfield>
</datafield>
<datafield tag="997" ind1=" " ind2="1">
<subfield code="@">u20</subfield>
<subfield code="a">SUL</subfield>
</datafield>
<datafield tag="997" ind1=" " ind2="1">
<subfield code="@">u30</subfield>
<subfield code="m">8</subfield>
<subfield code="i">1</subfield>
</datafield>
<datafield tag="997" ind1=" " ind2="1">
<subfield code="@">u31</subfield>
<subfield code="a">3</subfield>
<subfield code="b">2</subfield>
</datafield>
<datafield tag="997" ind1=" " ind2="1">
<subfield code="@">u21</subfield>
<subfield code="a">BOB</subfield>
<subfield code="b">BOB</subfield>
</datafield>
<datafield tag="997" ind1=" " ind2="1">
<subfield code="@">u22</subfield>
<subfield code="a">TAX</subfield>
</datafield>
<datafield tag="997" ind1=" " ind2="1">
<subfield code="@">u55</subfield>
<subfield code="a">Missing repl for PJ7852.A64.N8 (12572791)</subfield>
</datafield>
<datafield tag="997" ind1=" " ind2="1">
<subfield code="@">u70</subfield>
<subfield code="l">BMAIN</subfield>
<subfield code="a">1</subfield>
</datafield>
<datafield tag="997" ind1=" " ind2="1">
<subfield code="@">u7f</subfield>
<subfield code="a">35.00??</subfield>
<subfield code="p">Y</subfield>
</datafield>
<datafield tag="997" ind1=" " ind2="1">
<subfield code="@">u71</subfield>
<subfield code="a">209M</subfield>
</datafield>
<datafield tag="997" ind1=" " ind2="1">
<subfield code="@">u75</subfield>
<subfield code="l">BMAIN</subfield>
<subfield code="i">06/28/94 CLA</subfield>
<subfield code="h">05/27/94 CLA</subfield>
</datafield>
<datafield tag="997" ind1=" " ind2="1">
<subfield code="@">ufi</subfield>
<subfield code="a">209M</subfield>
<subfield code="b">93</subfield>
<subfield code="c">$35.00</subfield>
<subfield code="d">09/23/93</subfield>
</datafield>
<datafield tag="AVA" ind1=" " ind2=" ">
<subfield code="a">NYU50</subfield>
<subfield code="b">BOBST</subfield>
<subfield code="c">Main Collection</subfield>
<subfield code="d">PJ7852 .A64 N8</subfield>
<subfield code="e">unavailable</subfield>
<subfield code="t">Unavailable</subfield>
<subfield code="f">1</subfield>
<subfield code="g">1</subfield>
<subfield code="h">N</subfield>
<subfield code="i">0</subfield>
<subfield code="j">MAIN</subfield>
<subfield code="k">0</subfield>
</datafield>
</record>
